<?xml version="1.0" encoding="UTF-8"?><collection xmlns="http://www.loc.gov/MARC21/slim"><record><leader>00380nam--2200133-i-4500</leader><controlfield tag="001">000003763</controlfield><controlfield tag="002">20161230</controlfield><controlfield tag="005">20161230201025</controlfield><controlfield tag="008">060222s1000------------r-----000-0-eng-d</controlfield><datafield ind1=" " ind2=" " tag="080"><subfield code="a">621.3.01</subfield></datafield><datafield ind1=" " ind2=" " tag="100"><subfield code="a">Bour, Adriana</subfield></datafield><datafield ind1=" " ind2=" " tag="245"><subfield code="a">Manual ilustrat de terminologie tehnica in lim bile rusa si romana</subfield></datafield><datafield ind1=" " ind2=" " tag="260"><subfield code="a">Bucuresti, Institutul De Studii Romano-sovieti C, 1955</subfield></datafield><datafield ind1=" " ind2=" " tag="852"><subfield code="a">26149</subfield></datafield></record></collection>